% This file was created with JabRef 2.5.
% Encoding: UTF-8

@ARTICLE{Arora2006,
  author = {Arora, Sanjeev},
  title = {PTAS for Euclidean Travelling Salesman and Other Geometric Problems},
  journal = {Lecture Notes, CS468},
  year = {2006},
  owner = {michael},
  timestamp = {2012.01.23}
}

@ARTICLE{Arora1922,
  author = {Arora, S. and Lund, C. and Motwani, R. and Sudan, M. and Szegedy,
	M.},
  title = {Proof verification and intractability of approximation problems},
  journal = {33rd IEEE Symposium on Foundations of Computer Science},
  year = {1992},
  pages = {13 - 22},
  owner = {michael},
  timestamp = {2012.01.22}
}

@BOOK{Abraham1974,
  title = {{H}omogeneous nucleation theory},
  publisher = {{A}cademic {P}ress, {N}ew {Y}ork},
  year = {1974},
  author = {{A}braham, {F}.{F}},
  owner = {mdi},
  timestamp = {2011.06.02}
}

@BOOK{Aho1974,
  title = {{T}he {D}esign and {A}nalysis of {C}omputer {A}lgorithms},
  publisher = {{A}ddison {W}esley},
  year = {1974},
  author = {{A}ho, {A}lfred {V}. and {H}opcroft, {J}ohn {E}. and {U}llman,{J}effrey
	{D}.},
  owner = {mdi},
  timestamp = {2011.05.05}
}

@ARTICLE{Anderson1986,
  author = {{A}nderson, {H}erbert {L}.},
  title = {{M}etropolis, {M}onte {C}arlo and the {MANIAC}},
  journal = {{L}os {A}lamos {S}cience},
  year = {1986},
  volume = {14},
  pages = {96 - 108},
  booktitle = {Los Alamos Science Number 14},
  owner = {mdi},
  timestamp = {2011.05.09}
}

@ARTICLE{Andrieu2001,
  author = {{A}ndrieu, {C}hristophe and de {F}reitas, {N}ando and {D}oucet, {A}rnaud
	and {J}ordan, {M}ichael {I}.},
  title = {{A}n {I}ntroduction to {MCMC} for {M}achine {L}earning},
  year = {2001},
  owner = {mdi},
  timestamp = {2011.05.11}
}

@ARTICLE{Arora1998,
  author = {{A}rora, Sanjeev},
  title = {Polynomial Time Approximation Schemes for Euclidean Travelling Salesman
	and Other Geometric Problems},
  journal = {Journal of the ACM (JACM),},
  year = {1998},
  volume = {45},
  pages = {753-783},
  number = {5},
  owner = {michael},
  timestamp = {2012.01.22}
}

@ARTICLE{Babalievski1997,
  author = {{B}abalievski, {F}.},
  title = {{C}luster {C}ounting: {T}he {H}oshen-{K}opelman {A}lgorithm vs. {S}panning
	{T}ree {A}pproaches},
  journal = {ar{X}iv:cond-mat/9711304 [cond-mat.stat-mech]},
  year = {1997},
  owner = {mdi},
  timestamp = {2011.05.04}
}

@BOOK{Barut1986,
  title = {{T}heory of {G}roup {R}epresentations and applications},
  publisher = {{W}orld {S}cientific {P}ublishing {C}o},
  year = {1986},
  author = {{B}arut, {A}. and {R}aczka {R}.},
  owner = {mdi},
  timestamp = {2011.07.17}
}

@ARTICLE{Brown1987,
  author = {{B}rown, {F}rank {R}. and {W}och, {T}homas {J}.},
  title = {{O}verrelaxed {H}eat-{B}ath and {M}etropolis {A}lgorithms for {A}ccelerating
	{P}ure {G}auge {M}onte {C}arlo {C}alculations},
  journal = {{P}hys. {R}ev. {L}ett.},
  year = {1987},
  volume = {58},
  pages = {2394},
  owner = {mdi},
  timestamp = {2011.05.30}
}

@ARTICLE{Brun2008,
  author = {{B}run, {R}ene and {R}ademakers, {F}ons},
  title = {{ROOT} data analysis framework v.5.18/00},
  journal = {{URL}: \url{http://root.cern.ch}},
  year = {2008},
  owner = {mdi},
  timestamp = {2011.08.02}
}

@ARTICLE{Cabibbo1982,
  author = {{C}abibbo, {N}icola and {M}arinari, {E}nzo},
  title = {{A} new method for updating {SU}({N}) in computer simulations of
	gauge theories},
  journal = {{P}hys. {L}ett. {B}},
  year = {1982},
  volume = {119},
  pages = {387},
  owner = {mdi},
  timestamp = {2011.05.30}
}

@ARTICLE{Camus1938,
  author = {{C}amus, {A}lbert},
  title = {{C}aligula},
  year = {1938},
  pages = {Act 1, Sc. 11},
  owner = {mdi},
  timestamp = {2011.07.29}
}

@ARTICLE{Christensen2002,
  author = {{C}hristensen, {K}im},
  title = {{P}ercolation {T}heory},
  journal = {{URL}: \url{http://www.mit.edu/~levitov/8.334/notes/percol_notes.pdf}},
  year = {2002},
  month = {October},
  howpublished = {URL: \url{http://www.mit.edu/~levitov/8.334/notes/percol_notes.pdf}},
  owner = {mdi},
  timestamp = {2011.06.09}
}

@BOOK{Christofides1976,
  title = {Worst-case Analysis of a New Heuristic for the Travelling Salesman
	Problem},
  publisher = {Academic Press, New York},
  year = {1976},
  editor = {{T}raub, J. F.},
  author = {{C}hristofides, N},
  pages = {441},
  series = {Symposium on new directions and recent results in algorithms and
	complexity},
  owner = {michael},
  timestamp = {2012.01.22}
}

@ARTICLE{Coddington1994,
  author = {{C}oddington, {P}aul {D}.},
  title = {{A}nalysis of random number generators using {M}onte {C}arlo simulation},
  year = {1994},
  owner = {mdi},
  timestamp = {2011.05.09}
}

@ARTICLE{Commons,
  author = {{W}ikimedia {C}ommons},
  title = {License as given},
  owner = {michael},
  timestamp = {2012.01.23}
}

@ARTICLE{MarkovChain,
  author = {{W}ikimedia {C}ommons},
  title = {{M}arkov {C}hain},
  journal = {{URL}: \url{http://en.wikipedia.org/wiki/File:Markovkate_01.svg}},
  year = {2011},
  howpublished = {URL: \url{http://en.wikipedia.org/wiki/File:Markovkate_01.svg}},
  owner = {mdi},
  timestamp = {2011.05.27}
}

@ARTICLE{Congilio1980,
  author = {{C}ongilio, {A}. and {K}lein, {W}.},
  title = {{C}lusters and {I}sing {C}ritical {D}roplets: {A} {R}enormalization
	{G}roup approach},
  journal = {{J}ournal of {P}hysics {A}},
  year = {1980},
  volume = {13},
  pages = {2775},
  owner = {mdi},
  timestamp = {2011.06.10}
}

@ARTICLE{Congilio1976,
  author = {{C}ongilio, {A} and {N}appi {C}. {R}. and {P}eruggi, {F}. and {R}usso,
	{L}.},
  title = {{P}ercolation and {P}hase {T}ransitions in the {I}sing {M}odel},
  journal = {{C}ommunications in {M}athematical {P}hysics},
  year = {1976},
  volume = {51},
  pages = {315},
  owner = {mdi},
  timestamp = {2011.06.12}
}

@BOOK{ThomasH.Cormen2001,
  title = {{I}ntroduction to {A}lgorithms, {S}econd {E}dition},
  publisher = {{MIT} {P}ress},
  year = {2001},
  author = {{C}ormen, {T}homas {H}. and {L}eiserson, {C}harles {E}. and {R}ivest,
	{R}onald {L}. and {S}tein, {C}lifford},
  owner = {mdi},
  timestamp = {2011.05.02}
}

@ARTICLE{Creutz2011,
  author = {{C}reutz, {M}ichael},
  title = {{C}onfinement, chiral symmetry and the lattice},
  journal = {ar{X}ive:hep-lat/1103.3304v2},
  year = {2011},
  owner = {mdi},
  timestamp = {2011.07.08}
}

@ARTICLE{Creutz1987,
  author = {{C}reutz, {M}ichael},
  title = {{O}verrelaxation and {M}onte {C}arlo {S}imulation},
  journal = {{P}hys. {R}ev. {D}},
  year = {1987},
  volume = {36},
  pages = {515},
  owner = {mdi},
  timestamp = {2011.05.16}
}

@ARTICLE{Creutz1980,
  author = {{C}reutz, {M}ichael},
  title = {{M}onte {C}arlo {S}tudy of {Q}uantized {SU}(2) {G}auge {T}heory},
  journal = {{P}hys. {R}ev. {D}},
  year = {1980},
  volume = {21},
  pages = {2308},
  owner = {mdi},
  timestamp = {2011.05.16}
}

@BOOK{Creutz1922,
  title = {{Q}uantum {F}ields on the {C}omputer},
  publisher = {{W}orld {S}cientific {P}ublishing {C}o.},
  year = {1922},
  author = {{C}reutz, {M}ichael},
  owner = {mdi},
  timestamp = {2011.07.19}
}

@ARTICLE{Danzer2010,
  author = {{D}anzer, {J}ulia and {G}attringer, {C}hristof and {B}orsany, {S}zabolcs
	and {F}odor, {Z}oltan},
  title = {{C}enter clusters and their percolation properties in lattice {QCD}},
  journal = {{P}roceedings of {S}cience},
  year = {2010},
  owner = {mdi},
  timestamp = {2011.07.07}
}

@ARTICLE{Danzer2010a,
  author = {{D}anzer, {J}ulia and {G}attringer, {C}hristof and {B}orsany, {S}zabolcs
	and {F}odor, {Z}oltan and {S}chmi, {A}lexander {B}ernd},
  title = {{C}oherent center domains from local {P}olyakov loops},
  journal = {{APS} {P}roceedings},
  year = {2010},
  owner = {mdi},
  timestamp = {2011.07.07}
}

@ARTICLE{Delamotte2003,
  author = {{D}elamotte, {B}ertrand},
  title = {{A} hint of renormalization},
  journal = {ar{X}iv:hep-th/0212049v3},
  year = {2003},
  owner = {mdi},
  timestamp = {2011.07.14}
}

@ARTICLE{Delfino2009,
  author = {{D}elfino, {G}esualdo},
  title = {{F}ield theory of {I}sing percolating clusters},
  journal = {ar{X}iv: 0902.3339v1},
  year = {2009},
  owner = {mdi},
  timestamp = {2011.06.10}
}

@ARTICLE{Boost,
  author = {{D}eveloped and maintained by the {C}++ community},
  title = {{BOOST} {C}++ {L}ibraries},
  journal = {{URL}: \url{http://www.boost.org/}},
  citeseerurl = {http://www.boost.org/},
  howpublished = {URL: \url{http://www.boost.org/}},
  owner = {mdi},
  timestamp = {2011.05.04},
  url = {http://www.boost.org/}
}

@ARTICLE{DeGrand2003,
  author = {{D}e{G}rand, {T}homas},
  title = {{L}attice {QCD} at the {E}nd of 2003},
  journal = {ar{X}iv:hep-ph/0312241v1},
  year = {2003},
  owner = {mdi},
  timestamp = {2011.07.11}
}

@ARTICLE{Dongarra2000,
  author = {{D}ongarra, {J}ack and {S}ullivan, {F}rancis},
  title = {{G}uest {E}ditor's {I}ntroduction: {T}he {T}op 10 {A}lgorithms},
  journal = {{C}omputing in {S}cience and {E}ngineering},
  year = {2000},
  volume = {2},
  pages = {22-23},
  owner = {mdi},
  timestamp = {2011.05.16}
}

@ARTICLE{Eckhardt1987,
  author = {{E}ckhardt, {R}oger},
  title = {{S}tan {U}lam, {J}ohn von {N}eumann and the {M}onte {C}arlo {M}ethod},
  journal = {{L}os {A}lamos {S}cience},
  year = {1987},
  volume = {Special Issue nr. 15},
  pages = {131-137},
  owner = {mdi},
  timestamp = {2011.05.10}
}

@ARTICLE{Edwards2005,
  author = {{E}dwards, {R}. {G}. and {J}oo, {B}.},
  title = {{T}he {CHROMA} {S}oftware {S}ystem for {L}attice {QCD}},
  journal = {{N}ucl. {P}hys {B}1},
  year = {2005},
  volume = {40},
  pages = {832},
  owner = {mdi},
  timestamp = {2011.05.16}
}

@ARTICLE{Elitzur1975,
  author = {{E}litzur, {S}},
  title = {{I}mpossibility of spontaneously breaking local symmetries},
  journal = {{P}hys. {R}ev. {D}},
  year = {1975},
  volume = {12},
  pages = {3978-3982},
  owner = {mdi},
  timestamp = {2011.05.29}
}

@ARTICLE{Evertz2009,
  author = {{E}vertz, {H}ans {G}ert},
  title = {{C}omputer {S}imulations},
  journal = {{URL}: \url{http://itp.tugraz.at/~evertz/Computersimulationen/cs.html}},
  year = {2009},
  howpublished = {URL: \url{http://itp.tugraz.at/~evertz/Computersimulationen/cs.html}},
  owner = {mdi},
  timestamp = {2011.05.16}
}

@ARTICLE{Fabricius1984,
  author = {{F}abricius, {K}. and {H}aan, {O}.},
  title = {{H}eat bath method for the twisted {E}guchi-{K}awai model},
  journal = {{P}hys. {L}ett. {B}},
  year = {1984},
  volume = {143},
  pages = {459},
  owner = {mdi},
  timestamp = {2011.05.30}
}

@BOOK{Fortunato2000,
  title = {{P}ercolation and {D}econfinement in {SU}(2) {G}auge {T}heory},
  publisher = {{P}h.{D}. thesis, {U}niversity of {B}ielefeld, {D}epartment of {P}hysics,
	ar{X}ive:hep-lat/0012006v1},
  year = {2000},
  author = {{F}ortunato, {S}anto},
  owner = {mdi},
  school = {Faculty of Physics of the University of Bielefeld},
  timestamp = {2011.06.08}
}

@ARTICLE{Fortunato2001,
  author = {{F}ortunato, {S}anto and {S}atz, {H}elmut},
  title = {{C}luster {P}ercolation and {F}irst {O}rder {P}hase {T}ransitions
	in the {P}otts {M}odel},
  journal = {ar{X}iv:hep-ph/0108058v1},
  year = {2001},
  owner = {mdi},
  timestamp = {2011.06.15}
}

@ARTICLE{Fricke2004,
  author = {{F}ricke, {T}obin},
  title = {{T}he {H}oshen-{K}opelman {A}lgorithm},
  journal = {{URL}: \url{http://www.ocf.berkeley.edu/~fricke/projects/hoshenkopelman/hoshenkopelman.html}},
  year = {2004},
  month = {apr},
  howpublished = {URL: \url{http://www.ocf.berkeley.edu/~fricke/projects/hoshenkopelman/hoshenkopelman.html}},
  owner = {mdi},
  timestamp = {2011.05.09}
}

@ARTICLE{Garey1976,
  author = {Garey, M. R. and Graham, R. L. and Johnson, D. S.},
  title = {Some NP-complete geometric problems},
  journal = {ACM Symposium on Theory of Computing},
  year = {1976},
  pages = {10-22},
  owner = {michael},
  timestamp = {2012.01.22}
}

@BOOK{Lang2010,
  title = {{Q}uantum {C}hromodynamics on the {L}attice - {A}n {I}ntroductory
	{P}resentation},
  publisher = {{S}pringer, {B}erlin, {H}eidelberg, {N}ew {Y}ork},
  year = {2010},
  author = {{G}attringer, {C}hristof and {L}ang,{C}hristian {B}.}
}

@ARTICLE{Gattringer2011,
  author = {{G}attringer, {C}hristof and {S}chmidt, {A}lexander {B}ernd},
  title = {{C}enter clusters in the {Y}ang-{M}ills vacuum},
  journal = {{N}ucl. {P}hys. {B}},
  year = {2011},
  volume = {850},
  pages = {242-252},
  owner = {mdi},
  timestamp = {2011.07.07}
}

@ARTICLE{KFUCluster,
  author = {{K}arl {F}ranzens {U}niversity of {G}raz},
  title = {{C}luster {T}echnical {D}escription},
  journal = {{URL}: \url{http://hpc-wiki.uni-graz.at/Cluster\%20Overview/Cluster\%20\%20Technical\%20Description.html}},
  howpublished = {URL: \url{http://hpc-wiki.uni-graz.at/Cluster\%20Overview/Cluster\%20\%20Technical\%20Description.html}},
  owner = {mdi},
  timestamp = {2011.05.30}
}

@BOOK{Greensite2011,
  title = {{A}n {I}ntroduction to the {C}onfinement {P}roblem},
  publisher = {{S}pringer, {H}eidelberg},
  year = {2011},
  author = {{G}reensite, {J}eff},
  owner = {mdi},
  timestamp = {2011.07.08}
}

@ARTICLE{Greensite2003,
  author = {{G}reensite, {J}eff},
  title = {{T}he {C}onfinement {P}roblem in {L}attice {G}auge {T}heory},
  journal = {ar{X}iv:hep-lat/0301023v2},
  year = {2003},
  owner = {mdi},
  timestamp = {2011.07.08}
}

@ARTICLE{Hastings1970,
  author = {{H}astings, {W}. {K}.},
  title = {{M}onte {C}arlo {S}ampling {M}ethods {U}sing {M}arkov {C}hains and
	{T}heir {A}pplications},
  journal = {{B}iometrika},
  year = {1970},
  volume = {57},
  pages = {97 - 109},
  owner = {mdi},
  timestamp = {2011.05.10}
}

@ARTICLE{Holland2004,
  author = {{H}olland, {K}. and {P}epe, {M}. and {W}iese, {U}.-{J}},
  title = {{T}he deconfinement phase transition of {S}p(2) and {S}p(3) {Y}ang-{M}ills
	theories in 2+1 and 3+1 dimensions},
  journal = {{N}ucl. {P}hys {B}},
  year = {2004},
  volume = {694},
  pages = {35 - 58},
  owner = {mdi},
  timestamp = {2011.08.03}
}

@ARTICLE{Hooft1979,
  author = {'t {H}ooft, {G}eradus},
  title = {{A} property of electric and magnetic flux in non-abelian gauge theories},
  journal = {{N}ucl. {P}hys. {B}},
  year = {1979},
  volume = {153},
  pages = {141.},
  owner = {mdi},
  timestamp = {2011.05.24}
}

@ARTICLE{Hooft1971,
  author = {'t {H}ooft, {G}eradus},
  title = {{R}enormalization of {M}assless {Y}ang-{M}ills {F}ields},
  journal = {{N}ucl. {P}hys {B}},
  year = {1971},
  volume = {33},
  pages = {173 - 199},
  owner = {mdi},
  timestamp = {2011.07.13}
}

@ARTICLE{Hooft1971a,
  author = {'t {H}ooft, {G}eradus},
  title = {{R}enormalizable {L}agrangians for {M}assive {Y}ang-{M}ills {F}ields},
  journal = {{N}ucl. {P}hys {B}},
  year = {1971},
  volume = {35},
  pages = {167 - 188},
  owner = {mdi},
  timestamp = {2011.07.13}
}

@ARTICLE{HK76,
  author = {{H}oshen, {J}. and {K}opelman, {R}.},
  title = {{P}ercolation and cluster distribution. {I}. {C}luster multiple labeling
	technique and critical concentration algorithm},
  journal = {{P}hys. {R}ev. {B}},
  year = {1976},
  volume = {14},
  pages = {3438--3445},
  number = {8},
  month = {Oct},
  doi = {10.1103/PhysRevB.14.3438},
  numpages = {7},
  publisher = {{A}merican {P}hysical {S}ociety}
}

@ARTICLE{Kaczmarek2002,
  author = {{K}aczmarek, {O}. and {K}arsch, {F}. and {P}etreczky, {P}. and {Z}antow,
	{F}.},
  title = {{H}eavy quark-antiquark free energy and the renormalized {P}olyakov
	loop},
  journal = {{P}hys. {L}ett. {B}},
  year = {2002},
  volume = {543},
  pages = {41-47},
  owner = {mdi},
  timestamp = {2011.05.30}
}

@ARTICLE{Kahn1958,
  author = {{K}ahn, {H}. and {M}arshall, {A}. {W}.},
  title = {{M}ethods of reducing sample size in {M}onte {C}arlo {C}omputations},
  journal = {{J}ournal of {O}perations {R}esarch {S}ociety of {A}merica},
  year = {1958},
  volume = {1},
  pages = {263 -271},
  owner = {mdi},
  timestamp = {2011.05.16}
}

@BOOK{Kaku1993,
  title = {{Q}uantum {F}ield {T}heory - {A} modern {I}ntroduction},
  publisher = {{O}xford {U}niversity {P}ress, {N}ew {Y}ork, {O}xford},
  year = {1993},
  author = {{K}aku, {M}ichio},
  owner = {mdi},
  timestamp = {2011.07.11}
}

@ARTICLE{UFVisual,
  author = {{K}ania, {C}hris and {S}haffer, {C}liff},
  title = {{U}nion/{F}ind {A}lgorithm {V}isualization},
  journal = {{URL}: \url{http://research.cs.vt.edu/AVresearch/UF/}},
  year = {2004},
  howpublished = {URL: \url{http://research.cs.vt.edu/AVresearch/UF/}},
  owner = {mdi},
  timestamp = {2011.05.09}
}

@BOOK{Karp1972,
  title = {Reducibility among combinatorial problems},
  publisher = {Plenum Press},
  year = {1972},
  editor = {Miller, R. E. and Thatcher, J. W.},
  author = {{K}arp, R. M.},
  pages = {85-103},
  series = {Complexity of Computer Computations, Advances in Computing Research},
  journal = {Complexity of Computer Computations, Advances in Computing Research},
  owner = {michael},
  timestamp = {2012.01.22}
}

@ARTICLE{Kasteleyn1969,
  author = {{K}asteleyn, {P}. {W}. and {F}ortuin {C}. {M}.},
  title = {{P}hase {T}ransitions in {L}attice {S}ystems with {R}andom {L}ocal
	{P}roperties},
  journal = {{J}ournal of the {P}hysical {S}ociety of {J}apan},
  year = {1969},
  volume = {26},
  owner = {mdi},
  timestamp = {2011.06.10}
}

@ARTICLE{Kennedy1985,
  author = {{K}ennedy, {A}. {D}. and {P}endleton, {B}. {J}.},
  title = {{I}mproved heatbath method for {M}onte {C}arlo calculations in lattice
	gauge theories},
  journal = {{P}hys. {L}ett. {B}},
  year = {1985},
  volume = {156},
  pages = {393},
  owner = {mdi},
  timestamp = {2011.05.30}
}

@ARTICLE{Kertesz1989,
  author = {{K}ert\`{e}sz, {J}.},
  title = {{E}xistence of {W}eak {S}ingularities when {G}oing {A}round the {L}iquid-{G}as
	{C}ritical {P}oint},
  journal = {{P}hysica {A}},
  year = {1989},
  volume = {161},
  pages = {58},
  owner = {mdi},
  timestamp = {2011.06.10}
}

@ARTICLE{Kogut1979,
  author = {{K}ogut, {J}ohn {B}.},
  title = {{A}n introduction to lattice gauge theory and spin systems},
  journal = {{R}ev. {M}od. {P}hys.},
  year = {1979},
  volume = {51},
  owner = {mdi},
  timestamp = {2011.05.29}
}

@BOOK{Landau2000,
  title = {{A} {G}uide to {M}onte {C}arlo {S}imulations in {S}tatistical {P}hysics},
  publisher = {{C}ambridge {U}niversity {P}ress, {C}ambridge},
  year = {2000},
  author = {{L}andau, {D}avid {P}. and {B}inder, {K}urt},
  owner = {mdi},
  timestamp = {2011.05.09}
}

@BOOK{Levin2008,
  title = {{M}arkov {C}hains and {M}ixing {T}imes},
  publisher = {{URL} : \url{http://darkwing.uoregon.edu/~dlevin/MARKOV/markovmixing.pdf}},
  year = {2008},
  author = {{L}evin,{D}avid {A}. and {P}eres, {Y}uval and {W}ilmer, {E}lizabeth
	{L}.},
  owner = {mdi},
  timestamp = {2011.05.10}
}

@BOOK{Lipkin1965,
  title = {{L}ie {G}roups for {P}edestrians},
  publisher = {{D}over {P}ublications {I}nc., {M}ineola, {N}ew {Y}ork},
  year = {1965},
  author = {{L}ipkin, {H}arry {J}.},
  owner = {mdi},
  timestamp = {2011.07.12}
}

@ARTICLE{Liu2000,
  author = {{L}iu, {J}un {S}. and {L}iang, {F}aming and {W}ong, {W}ing {H}ung},
  title = {{T}he {M}ultiple-{T}ry {M}ethod and {L}ocal {O}ptimization in {M}etripolis
	{S}ampling},
  journal = {{J}ournal of the {A}merican {S}tatistical {A}ssociation},
  year = {2000},
  volume = {95},
  pages = {121},
  owner = {mdi},
  timestamp = {2011.05.10}
}

@BOOK{Lohr1999,
  title = {{S}ampling. {D}esign and {A}nalysis},
  publisher = {{D}uxbury {P}ress},
  year = {1999},
  author = {{L}ohr, {S}haron {L}.},
  owner = {mdi},
  timestamp = {2011.05.16}
}

@ARTICLE{Lucini2003,
  author = {{L}ucini, {B}iagio and {T}eper, {M}ichael and {W}enger, {U}rs},
  title = {{T}he high temperature phase transition in {SU}({N}) gauge theories},
  journal = {ar{X}iv: hep-lat/0307017v1},
  year = {2003},
  owner = {mdi},
  timestamp = {2011.07.20}
}

@ARTICLE{Maas2011,
  author = {{M}aas, {A}xel},
  title = {{O}n the gauge-algebra dependence of {L}andau-gauge {Y}ang-{M}ills
	propagators},
  journal = {ar{X}ive:1012.4284v2},
  year = {2011},
  owner = {mdi},
  timestamp = {2011.08.02}
}

@ARTICLE{Marsaglia1968,
  author = {{M}arsaglia, {G}eorge},
  title = {{R}andom numbers fall mainly in the planes},
  journal = {{PNAS}},
  year = {1968},
  volume = {61},
  pages = {25-28},
  owner = {mdi},
  timestamp = {2011.05.09}
}

@ARTICLE{Metropolis1987,
  author = {{M}etropolis, {N}ick},
  title = {{T}he {B}eginning of the {M}onte {C}arlo {M}ethod},
  journal = {{L}os {A}lamos {S}cience {S}pecial {I}ssue},
  year = {1987},
  volume = {15},
  pages = {125 -130},
  owner = {mdi},
  timestamp = {2011.05.11}
}

@ARTICLE{Metropolis1953,
  author = {{M}etropolis, {N}ick and {R}osenbluth, {A}. {W}. and {R}osenbluth,
	{M}. {N}. and {T}eller, {A}. {H}. and {T}eller, {E}.},
  title = {{E}quations of {S}tate {C}alculations by {F}ast {C}omputing {M}achines},
  journal = {{J}ournal of {C}hemical {P}hysics},
  year = {1953},
  volume = {21},
  pages = {1087 - 1092},
  owner = {mdi},
  timestamp = {2011.05.10}
}

@BOOK{Montavy1994,
  title = {{Q}uantum {F}ields on a {L}attice},
  publisher = {{C}ambridge {M}onographs on {M}athematical {P}hysics},
  year = {1994},
  author = {{M}ontavy, {I}stvan and {M}{\"u}nster, {G}ernot},
  owner = {mdi},
  timestamp = {2011.07.11}
}

@ARTICLE{Papadimitriou1977,
  author = {{P}apadimitriou, C. H.},
  title = {Euclidean TSP is NP-complete},
  journal = {Theoretical Computer Science},
  year = {1977},
  volume = {4},
  pages = {237-244},
  owner = {michael},
  timestamp = {2012.01.22}
}

@ARTICLE{Pascal1656,
  author = {{P}ascal, {B}laise},
  title = {{L}ettres {P}rovinciales {XVI}},
  year = {1656},
  owner = {mdi},
  timestamp = {2011.07.06}
}

@ARTICLE{Peruggi1987,
  author = {{P}eruggi, {F}ulvio},
  title = {{F}irst-{O}rder {T}ransitions in {P}ercolation {M}odels},
  journal = {{P}hysica {A}: {S}tatistical and {T}heoretical {P}hysics},
  year = {1987},
  volume = {141},
  pages = {140-150},
  owner = {mdi},
  timestamp = {2011.06.15}
}

@ARTICLE{Pisarski2002,
  author = {{P}isarski, {R}obert {D}.},
  title = {{N}otes on the {D}econfining {P}hase {T}ransition},
  journal = {ar{X}iv:hep-ph/020327},
  year = {2002},
  owner = {mdi},
  timestamp = {2011.05.29}
}

@BOOK{Pokorski1987,
  title = {{G}auge {F}ield {T}heories},
  publisher = {{C}ambridge {M}onographs on {M}athematical {P}hysics},
  year = {1987},
  author = {{P}okorski, {S}tefan},
  owner = {mdi},
  timestamp = {2011.07.11}
}

@BOOK{Polyakov1987,
  title = {{G}auge {F}ields and {S}trings},
  publisher = {{H}arwood {A}cademic {P}ublishers},
  year = {1987},
  author = {{P}olyakov, {A}lexander {M}arkovich},
  owner = {mdi},
  timestamp = {2011.07.11}
}

@ARTICLE{Rodecker,
  author = {Rodecker, B. and Cifuentes, M. V. and Favre, L},
  title = {An Empiraical Analysis of Approximation Algorithms for Euclidean
	TSP},
  owner = {michael},
  timestamp = {2012.01.23}
}

@BOOK{Rubinstein1981,
  title = {{S}imulation and the {M}onte {C}alro {M}ethod},
  publisher = {{W}iley \& {S}ons, {N}ew {Y}ork},
  year = {1981},
  author = {{R}ubinstein, {R}euven {Y}.},
  owner = {mdi},
  timestamp = {2011.05.12}
}

@BOOK{Ryder1996,
  title = {{Q}uantum {F}ield {T}heory},
  publisher = {{C}ambridge {U}niversity {P}ress, {C}ambridge},
  year = {1996},
  author = {{R}yder, {L}ewis {H}.},
  owner = {mdi},
  timestamp = {2011.07.13}
}

@BOOK{Schmidt2010,
  title = {{C}enter coherent domains in lattice gauge theory},
  publisher = {{M}aster thesis, {U}niversity of {G}raz, {D}epartment of {P}hysics},
  year = {2010},
  author = {{S}chmidt, {A}lexander {B}ernd},
  owner = {mdi},
  school = {Karl-Franzens University Graz},
  timestamp = {2011.05.04}
}

@BOOK{Schoenig2001,
  title = {{A}lgorithmik},
  publisher = {{S}pektrum, {H}eidelberg, {B}erlin},
  year = {2001},
  author = {{S}choenig, {U}we},
  owner = {mdi},
  timestamp = {2011.05.02}
}

@BOOK{Schwabel2002,
  title = {{S}tatistical {M}echanics},
  publisher = {{S}pringer, {B}erlin, {H}eidelberg, {N}ew {Y}ork},
  year = {2002},
  author = {{S}chwabel, {F}ranz},
  owner = {mdi},
  timestamp = {2011.06.02}
}

@ARTICLE{BoostDisjoint,
  author = {{S}iek, {J}eremy and {L}ee, {L}ie {Q}uan and {L}umsdaine, {A}ndrew},
  title = {{BOOST} {D}isjoint sets},
  journal = {{URL}: \url{http://www.boost.org/doc/libs/1_36_0/libs/disjoint_sets/disjoint_sets.html}},
  year = {2006},
  howpublished = {URL: \url{http://www.boost.org/doc/libs/1_36_0/libs/disjoint_sets/disjoint_sets.html}},
  owner = {mdi},
  timestamp = {2011.05.04}
}

@ARTICLE{Stauffer1979,
  author = {{S}tauffer, {D}ietrich},
  title = {{S}caling theory of percolation clusters},
  journal = {{P}hys.{R}ep.},
  year = {1979},
  volume = {54},
  pages = {1},
  owner = {mdi},
  timestamp = {2011.06.27}
}

@BOOK{Stauffer1994,
  title = {{I}ntroduction to {P}ercolation {T}heory},
  publisher = {{CRC} {P}ress, {B}oca {R}aton, {L}ondon, {N}ew {Y}ork, {W}ashington
	{D}. {C}.},
  year = {1994},
  author = {{S}tauffer, {D}ietrich and {A}harony, {A}mnon},
  owner = {mdi},
  timestamp = {2011.06.08}
}

@BOOK{Stuart1962,
  title = {{B}asic ideas of scientific sampling},
  publisher = {{H}afner {P}ub. {C}o., {N}ew {Y}ork},
  year = {1962},
  author = {{S}tuart, {A}lan},
  owner = {mdi},
  timestamp = {2011.05.16}
}

@ARTICLE{Svetitsky1982,
  author = {{S}vetitsky, {B}. and {Y}affe {L}.},
  title = {{C}ritical {B}ehaviour at {F}inite-{T}emperature {C}onfinement {T}ransitions},
  journal = {{N}uclear {P}hysics {B}},
  year = {1982},
  volume = {210},
  pages = {432},
  owner = {mdi},
  timestamp = {2011.06.12}
}

@ARTICLE{Teper2005,
  author = {{T}eper, {M}ichael and {L}ucini, {B}iagio and {W}enger, {U}rs},
  title = {{P}roperties of the deconfining phase transition in {SU}({N}) gauge
	theories},
  journal = {ar{X}iv:hep-lat/0502003},
  year = {2005},
  owner = {mdi},
  timestamp = {2011.05.30}
}

@ARTICLE{ThaiUnionFind,
  author = {"wintersnow"{,} anonymous scientific blogger (apparently from {T}hailand)},
  title = {{T}he {U}nion-{F}ind data structure},
  journal = {{URL}: \url{http://thailandoi.org/blog/winter_snow/union-find-data-structure}},
  citeseerurl = {http://thailandoi.org/blog/winter_snow/union-find-data-structure},
  comment = {A (seemingly) scientific web blog, unfortunately given in Thai.},
  howpublished = {URL: \url{http://thailandoi.org/blog/winter_snow/union-find-data-structure}},
  owner = {mdi},
  timestamp = {2011.05.03},
  url = {http://thailandoi.org/blog/winter_snow/union-find-data-structure}
}

@BOOK{Tinkham1964,
  title = {{G}roup {T}heory and {Q}uantum {M}echanics},
  publisher = {{D}over {P}ublications {I}nc., {M}ineola, {N}ew {Y}ork},
  year = {1964},
  author = {{T}inkham, {M}ichael},
  owner = {mdi},
  timestamp = {2011.07.12}
}

@ARTICLE{Trajan1975,
  author = {{T}rajan, {R}obert {E}ndre},
  title = {{E}fficiency of a good but not linear disjoint union algorithm},
  journal = {{J}ournal of the {ACM}},
  year = {1975},
  owner = {mdi},
  timestamp = {2011.05.05}
}

@ARTICLE{Weisstein,
  author = {{W}eisstein, {E}ric {W}.},
  title = {{A}ckermann {F}unction},
  journal = {{URL}: \url{http://mathworld.wolfram.com/AckermannFunction.html}},
  howpublished = {URL: \url{http://mathworld.wolfram.com/AckermannFunction.html}},
  owner = {mdi},
  timestamp = {2011.05.06}
}

@ARTICLE{Wilson1974,
  author = {{W}ilson, {K}enneth {G}eddes},
  title = {{C}onfinement of quarks},
  journal = {{P}hys. {R}ev. {D}},
  year = {1974},
  volume = {10},
  pages = {2445},
  owner = {mdi},
  timestamp = {2011.07.17}
}

@ARTICLE{Yang1954,
  author = {{Y}ang, {C}hen {N}ing and {M}ills, {R}obert {L}.},
  title = {{C}onservation of {I}sotopic {S}pin and {I}sotopic {G}auge {I}nvariance},
  journal = {{P}hys. {R}ev.},
  year = {1954},
  volume = {96},
  pages = {191-195},
  owner = {mdi},
  timestamp = {2011.07.12}
}

@BOOK{Yeomans1992,
  title = {{S}tatistical {M}echanics of {P}hase {T}ransitions},
  publisher = {{O}xford {S}cience {P}ublications, {O}xford},
  year = {1992},
  author = {{Y}eomans, {J}. {M}.},
  owner = {mdi},
  timestamp = {2011.05.29}
}

